<record><leader>00000cas a22000007a 4500</leader><controlfield tag="001">19606685</controlfield><controlfield tag="008">890426c19799999couwr ne      0    0eng d</controlfield><datafield ind1=" " ind2=" " tag="010"><subfield code="a">sn 89052082 </subfield></datafield><datafield ind1=" " ind2=" " tag="040"><subfield code="a">CNQ</subfield><subfield code="b">eng</subfield><subfield code="c">CNQ</subfield><subfield code="d">OCLCQ</subfield></datafield><datafield ind1=" " ind2=" " tag="042"><subfield code="a">msc</subfield></datafield><datafield ind1="0" ind2=" " tag="130"><subfield code="a">Tri-county tribune (Deer Trail, Colo. : 1979)</subfield></datafield><datafield ind1="1" ind2="0" tag="245"><subfield code="a">Tri-county tribune.</subfield></datafield><datafield ind1=" " ind2=" " tag="260"><subfield code="a">Deer Trail, Colo. :</subfield><subfield code="b">H.L. Venter</subfield></datafield><datafield ind1=" " ind2=" " tag="300"><subfield code="a">v.</subfield></datafield><datafield ind1=" " ind2=" " tag="310"><subfield code="a">Weekly</subfield></datafield><datafield ind1="0" ind2=" " tag="362"><subfield code="a">Vol. 80, no. 23 (June 7, 1979)-</subfield></datafield><datafield ind1=" " ind2=" " tag="530"><subfield code="a">Available on microfilm from the Colorado Historical Society.</subfield></datafield><datafield ind1=" " ind2=" " tag="752"><subfield code="a">United States</subfield><subfield code="b">Colorado</subfield><subfield code="c">Arapahoe</subfield><subfield code="d">Deer Trail.</subfield></datafield><datafield ind1="0" ind2="0" tag="780"><subfield code="t">Tri-county tribune and ledger</subfield><subfield code="w">(DLC)sn 91052629</subfield></datafield></record>